<record><leader>00000cas a22000007a 4500</leader><controlfield tag="001">20002595</controlfield><controlfield tag="008">890713d18141815pr cx ne      0    0spa d</controlfield><datafield ind1=" " ind2=" " tag="010"><subfield code="a">sn 89078055 </subfield></datafield><datafield ind1=" " ind2=" " tag="040"><subfield code="a">PNN</subfield><subfield code="b">eng</subfield><subfield code="c">PNN</subfield><subfield code="d">OCLCQ</subfield></datafield><datafield ind1=" " ind2=" " tag="042"><subfield code="a">msc</subfield></datafield><datafield ind1="0" ind2="0" tag="245"><subfield code="a">Diario econo&#769;mico de Puerto Rico.</subfield></datafield><datafield ind1="1" ind2="3" tag="246"><subfield code="a">Diario econo&#769;mico de la Isla de Puerto Rico</subfield></datafield><datafield ind1=" " ind2=" " tag="260"><subfield code="a">[San Juan, P.R.] :</subfield><subfield code="b">Imprenta de Puerto Rico</subfield></datafield><datafield ind1=" " ind2=" " tag="300"><subfield code="a">v.</subfield></datafield><datafield ind1=" " ind2=" " tag="310"><subfield code="a">Semiweekly,</subfield><subfield code="b">July 16, 1814-Feb. 24, 1815</subfield></datafield><datafield ind1=" " ind2=" " tag="321"><subfield code="a">Triweekly,</subfield><subfield code="b">Mar. 14-July 11, 1814</subfield></datafield><datafield ind1="0" ind2=" " tag="362"><subfield code="a">T. 1, nu&#769;m. 1 (14 de marzo de 1814)-T. 2, nu&#769;m. 50 (24 de feb. de 1815).</subfield></datafield><datafield ind1=" " ind2=" " tag="525"><subfield code="a">Supplements accompany some numbers.</subfield></datafield><datafield ind1=" " ind2=" " tag="752"><subfield code="a">United States</subfield><subfield code="b">Puerto Rico</subfield><subfield code="d">San Juan.</subfield></datafield></record>